@data{4W6TIW_2025,
author = {Rusnak, Marta and Filip Piątek and Karolina Komorowska and Barbara Kilijańska and Małgorzata Biegańska and Gabriela Wojciechowska and Daria Dobrasiak and Tomasz Nowobilski and Zuzanna Woźniak},
publisher = {RepOD},
title = "{Recording visual behaviors of individuals wearing goggles with yellow, red, and transparent frames during H\&S inspections of situations presented in videos}",
year = {2025},
version = {V1},
doi = {10.18150/4W6TIW},
url = {https://doi.org/10.18150/4W6TIW}
}